<?xml version="1.0" encoding="UTF-8"?><collection xmlns="http://www.loc.gov/MARC21/slim"><record><leader>00337nam--2200133-i-4500</leader><controlfield tag="001">000041038</controlfield><controlfield tag="002">20161230</controlfield><controlfield tag="005">20161230201042</controlfield><controlfield tag="008">060222s1000------------r-----000-0-eng-d</controlfield><datafield ind1=" " ind2=" " tag="080"><subfield code="a">523.1:549.2</subfield></datafield><datafield ind1=" " ind2=" " tag="100"><subfield code="a">Seaborg, Glenn T.And Valens, Evans G</subfield></datafield><datafield ind1=" " ind2=" " tag="245"><subfield code="a">Elements of the universe</subfield></datafield><datafield ind1=" " ind2=" " tag="260"><subfield code="a">London, Methuen, 1959, 253p</subfield></datafield><datafield ind1=" " ind2=" " tag="852"><subfield code="a">15755</subfield></datafield></record></collection>